% Encoding: UTF-8

@WWW{CompareConvulationCrosscorrelationAutoCorrelation,
  author       = {Cmglee},
  title        = {Comparison convolution correlation de.svg},
  year         = {2013},
  date         = {2013-09-03},
  url          = {https://commons.wikimedia.org/wiki/File:Comparison_convolution_correlation_de.svg},
  organization = {Wikimedia},
  urldate      = {2018-11-04},
}

@WWW{ConvultionExample1Wikimedia,
  author       = {Brian Amberg},
  title        = {Convolution of box signal with itself.gif},
  year         = {2010},
  date         = {2010-07-07},
  url          = {https://commons.wikimedia.org/wiki/File:Convolution_of_box_signal_with_itself.gif},
  organization = {Wikimedia},
  urldate      = {2018-11-04},
}

@WWW{ConvultionExample2Wikimedia,
  author       = {Inductiveload},
  title        = {Convolution Animation (Gaussian).gif},
  year         = {2009},
  date         = {2009-03-05},
  url          = {https://commons.wikimedia.org/wiki/File:Convolution_Animation_(Gaussian).gif},
  organization = {Wikimedia},
  urldate      = {2018-11-04},
}

@WWW{DocumentationNumpyCorrelate,
  author  = {SciPy Community},
  title   = {Documentation: numpy.correlate},
  year    = {2018},
  url     = {https://docs.scipy.org/doc/numpy/reference/generated/numpy.correlate.html#numpy.correlate},
  urldate = {2018-11-04},
}

@WWW{DefinitionCrossCorrelation,
  author  = {Wolfram MathWorld},
  title   = {Cross-Correlation},
  year    = {2018},
  url     = {http://mathworld.wolfram.com/Cross-Correlation.html},
  urldate = {2018-11-04},
}

@WWW{NumPyCorrelationModesExplained,
  author  = {StackOverflow},
  title   = {signal.correlate 'same'/'full' meaning?},
  year    = {2017},
  url     = {https://stackoverflow.com/questions/43736297/signal-correlate-same-full-meaning},
  urldate = {2018-11-04},
}

@WWW{Fuxjaeger2017,
  author  = {Maximilian Fuxjäger},
  title   = {Python: Numeric and Scientific},
  year    = {2017},
  url     = {https://wiki.python.org/moin/NumericAndScientific},
  urldate = {2019-04-24},
}

@WWW{Athanasias2014,
  author  = {Dale Athanasias},
  title   = {Python Wiki: NumPy},
  year    = {2014},
  date    = {2014-05-14},
  url     = {https://wiki.python.org/moin/NumPy},
  urldate = {2019-04-24},
}

@WWW{Matplotlib2019,
  author  = {The Matplotlib development team},
  title   = {Matplotlib},
  year    = {2019},
  date    = {2019-03-28},
  url     = {https://matplotlib.org/},
  urldate = {2019-04-24},
}

@WWW{Foundation2019,
  author  = {The Python Software Foundation},
  title   = {pip - The Python Package Installer},
  year    = {2019},
  date    = {2019-04-24},
  url     = {https://pip.pypa.io/en/stable/},
  urldate = {2019-04-24},
}

@WWW{Stackoverflow2016,
  author  = {o.V. Stackoverflow},
  title   = {Why can't matplotlib plot in a different thread?},
  year    = {2016},
  url     = {https://stackoverflow.com/questions/34764535/why-cant-matplotlib-plot-in-a-different-thread},
  urldate = {2019-04-24},
}

@Book{Woyand2017,
  author        = {Woyand, Hans-Bernhard},
  title         = {Python für Ingenieure und Naturwissenschaftler: Einführung in die Programmierung, mathematische Anwendungen und Visualisierungen : mit zahlreichen Bildern und Tabellen sowie 68 Aufgaben},
  year          = {2017},
  language      = {Deutsch},
  note          = {"Im Internet: Beispiele und Lösungen zu den Aufgaben" - Cover},
  publisher     = {Hanser},
  isbn          = {3446451986},
  pages         = {IX, 264 Seiten},
  __markedentry = {[abe:]},
  address       = {München},
  keywords      = {Python / Programmiersprache. Programmiersprache},
}

@Book{Rossant2013,
  title         = {Learning IPython for interactive computing and data visualization: learn IPython for interactive Python programming, high-performance numerical computing, and data visualization},
  year          = {2013},
  editor        = {Rossant, Cyrille, 1985- [Verfasser/in]},
  language      = {Englisch},
  series        = {Community experience distilled},
  note          = {Fernleihe},
  publisher     = {Packt Publ.},
  isbn          = {978-1-78216-993-2},
  pages         = {IV, 123 Seiten},
  __markedentry = {[abe:6]},
  address       = {Birmingham [u.a.]},
  keywords      = {Python / Programmiersprache. Programmiersprache. Visualisierung. Dialogprogrammierung. Parallelisierung},
}

@WWW{SmartFactory,
	author  = {Andrea Gillhuber},
	title   = {Künstliche Intelligenz in der Smart Factory},
	year    = {2019},
	url     = {https://www.scope-online.de/smart-industry/kuenstliche-intelligenz-in-der-smart-factory.html},
	urldate = {2019-06-12},
}

@WWW{SequenzDuden,
	author  = {Duden},
	title   = {Sequenz},
	year    = {2019},
	url     = {https://www.duden.de/rechtschreibung/Sequenz},
	urldate = {2019-06-12},
}

@WWW{SequenzWiktionary,
	author  = {Wiktionary},
	title   = {Sequenz},
	year    = {2019},
	url     = {https://de.wiktionary.org/wiki/Sequenz},
	urldate = {2019-06-12},
}

@Book{Stevens1946,
	title         = {On the theory of scales of measurement},
	year          = {1946},
	editor        = {Stevens, S.S.},
	language      = {Englisch},
	publisher     = {Science},
}

@Book{Algoseq2014,
	title         = {Algorithmen auf Sequenzen},
	year          = {2014},
	editor        = {Rahmann, Prof. Dr. Sven},
	language      = {Deutsch},
	publisher     = {TU Dortmund},
}

@Book{DataMining2015,
	title         = {Data Mining},
	year          = {2015},
	editor        = {Runkler, T.A.},
	language      = {Deutsch},
	publisher     = {Springer},
}

@Comment{jabref-meta: databaseType:biblatex;}
